@misc{DocSheets2023,
	title        = {Requirements Gathering: The Most Common Challenges and How to Solve Them},
	year         = 2023,
	publisher    = {DocSheets},
	url          = {https://www.docsheets.com/requirements-gathering-the-most-common-challenges-and-how-to-solve-them/},
	urldate      = {2023-11-02},
	howpublished = {online},
	howpublished = {online}
}
@misc{software_analysis,
	title        = {Software Engineering: Software Analysis and Design},
	year         = 2023,
	publisher    = {Testbook},
	url          = {https://testbook.com/software-engineering/software-analysis-design},
	urldate      = {2023-11-02},
	howpublished = {online},
	howpublished = {online}
}
@misc{bottlenecks,
	title        = {What do the terms "CPU bound" and "I/O bound" mean?},
	year         = 2023,
	publisher    = {Stack Overflow},
	url          = {https://stackoverflow.com/questions/868568/what-do-the-terms-cpu-bound-and-i-o-bound-mean},
	urldate      = {2023-11-02},
	howpublished = {online},
	howpublished = {online}
}
@online{problem_analysis,
	title        = {SWE 214 - Introduction to Software Engineering 1},
	author       = {Sukairi, Sattar},
	year         = 2023,
	url          = {https://faculty.kfupm.edu.sa/ICS/sukairi/swe214\%28022\%29/4-Analyzing\%20the\%20Problem.pdf},
	urldate      = {2023-11-02},
	howpublished = {online},
	howpublished = {online}
}
@online{microservices,
	title        = {What are microservices?},
	publisher    = {Microservice Architecture},
	url          = {https://microservices.io/},
	urldate      = {2023-11-02},
	howpublished = {online},
	howpublished = {online}
}
@online{perplexity,
	title        = {Perplexity},
	publisher    = {Perplexity AI, Inc.},
	url          = {https://perplexity.ai/},
	urldate      = {2023-11-02},
	howpublished = {online},
	howpublished = {online}
}
@misc{compressing,
	title={Compressing Context to Enhance Inference Efficiency of Large Language Models}, 
	author={Yucheng Li and Bo Dong and Chenghua Lin and Frank Guerin},
	year={2023},
	eprint={2310.06201},
	archivePrefix={arXiv},
	primaryClass={cs.CL}
}
@online{requirements1,
	title        = {Software Development Requirements Gathering: A Guide},
	year         = 2023,
	month        = 9,
	day          = 20,
	publisher    = {Masa School},
	url          = {https://www.masaischool.com/blog/software-development-requirements-gathering-guide/},
	howpublished = {online},
	howpublished = {online}
}
@online{requirements2,
	title        = {What is requirements gathering? Template and examples},
	author       = {Thakkar, Bindiya},
	year         = 2023,
	month        = 4,
	day          = 27,
	publisher    = {LogRocket},
	url          = {https://blog.logrocket.com/product-management/what-is-requirements-gathering-template-examples/},
	urldate      = {2023-11-02},
	howpublished = {online},
	howpublished = {online}
}
@online{feasability,
	title        = {Types of Feasibility Study in Software Project Development},
	publisher    = {GeeksforGeeks},
	url          = {https://www.geeksforgeeks.org/types-of-feasibility-study-in-software-project-development/},
	urldate      = {2023-11-02},
	howpublished = {online},
	howpublished = {online}
}
@misc{problem_analysis2,
	title        = {Problem Analysis in Computer Programming},
	publisher    = {CodeSansar},
	url          = {https://www.codesansar.com/computer-basics/problem-analysis.htm},
	urldate      = {2023-11-02},
	howpublished = {online},
	howpublished = {online}
}
@online{problem_analysis3,
	title        = {Solving the Right Problem - Step One in Software Development},
	publisher    = {Rice Consulting Services, Inc.},
	url          = {https://www.riceconsulting.com/home/index.php/Requirements-Articles/solving-the-right-problem-step-one-in-software-development.html},
	urldate      = {2023-11-02},
	howpublished = {online},
	howpublished = {online}
}
@online{fastapi,
	title        = {Learn - FastAPI},
	publisher    = {FastAPI},
	url          = {https://fastapi.tiangolo.com/learn/},
	urldate      = {2023-11-02},
	howpublished = {online},
	howpublished = {online}
}
@online{flask,
	title        = {Learn - Flask},
	publisher    = {Flask},
	url          = {https://flask.palletsprojects.com/en/3.0.x/},
	urldate      = {2023-11-02},
	howpublished = {online},
	howpublished = {online}
}
@online{react,
	title        = {Quick Start - React},
	publisher    = {React},
	url          = {https://react.dev/learn},
	urldate      = {2023-11-02},
	howpublished = {online},
	howpublished = {online}
}
@online{nosql_vs_sql,
	title        = {NoSQL Vs SQL Databases},
	author       = {Schaefer, Lauren},
	publisher    = {MongoDB},
	url          = {https://www.mongodb.com/nosql-explained/nosql-vs-sql},
	urldate      = {2023-11-02},
	howpublished = {online},
	howpublished = {online}
}
@online{EAQI,
	title        = {European Air Quality Index},
	year         = 2023,
	publisher    = {European Environment Agency},
	url          = {https://www.eea.europa.eu/themes/air/air-quality-index/index},
	urldate      = {2023-11-02},
	howpublished = {online},
	howpublished = {online}
}
@online{autogen_saas,
	title        = {Make a SaaS Product Using AutoGen Agent},
	author       = {Yogendra Sisodia},
	url          = {https://medium.com/\@scholarly360/make-a-saas-product-using-autogen-agent-79ba7be769e2},
	urldate      = {2023-11-02},
	howpublished = {online},
	howpublished = {online}
}
@online{webapp_basics,
	title        = {Web Application Architecture: Working, Components, Types, Trends 2023},
	publisher    = {ThinkSys},
	url          = {https://thinksys.com/development/web-application-architecture-complete-guide/},
	urldate      = {2023-11-02},
	howpublished = {online},
	howpublished = {online}
}
@online{sft_arch,
	title        = {Difference Between Software Architecture vs Design},
	author       = {Tarun, Kumar},
	year         = 2023,
	url          = {https://appsero.com/tips-tricks/difference-software-architecture-vs-design/},
	urldate      = {2023-11-02},
	howpublished = {online},
	howpublished = {online}
}
@online{leonardoai,
	title        = {Leonardo.ai},
	year         = 2023,
	publisher    = {Leonardo Interactive Pty Ltd},
	url          = {https://leonardo.ai/},
	urldate      = {2023-11-02},
	howpublished = {online},
	howpublished = {online}
}
@online{langchainhub,
	title        = {Langchain Hub},
	year         = 2023,
	publisher    = {Langchain},
	url          = {https://smith.langchain.com/hub},
	urldate      = {2023-11-02},
	howpublished = {online},
	howpublished = {online}
}
@online{cody,
	title        = {Cody},
	year         = 2023,
	publisher    = {Sourcegraph},
	url          = {https://sourcegraph.com/docs/cody},
	urldate      = {2023-11-02},
	howpublished = {online},
	howpublished = {online}
}
@online{codium,
	title        = {Documentation},
	year         = 2023,
	publisher    = {Codium.ai},
	url          = {https://docs.codium.ai/},
	urldate      = {2023-11-02},
	howpublished = {online},
	howpublished = {online}
}
@online{cursor,
	title        = {Cursor},
	year         = 2023,
	publisher    = {Anysphere},
	url          = {https://cursor.sh/features},
	urldate      = {2023-11-02},
	howpublished = {online},
	howpublished = {online}
}
@online{ollama,
	title        = {Ollama},
	year         = 2023,
	publisher    = {Ollama},
	url          = {https://github.com/ollama/ollama},
	urldate      = {2023-11-02},
	howpublished = {online},
}
@online{sft_arch2,
	title        = {Software Architecture Design and Analysis},
	year         = 2023,
	publisher    = {Software Engineering Institute},
	url          = {https://www.sei.cmu.edu/education-outreach/courses/course.cfm?courseCode=P34},
	urldate      = {2023-11-02},
	howpublished = {online},
	howpublished = {online}
}
@online{val_ver,
	title        = {Software Engineering Verification and Validation},
	year         = 2021,
	journal      = {GeeksforGeeks},
	publisher    = {GeeksforGeeks},
	url          = {https://www.geeksforgeeks.org/software-engineering-verification-and-validation/},
	urldate      = {2023-11-02},
	howpublished = {online},
	howpublished = {online}
}
@online{val_ver,
	title        = {Prompt Engineering Guide},
	year         = 2023,
	publisher    = {Prompt Engineering Guide},
	url          = {https://www.promptingguide.ai/},
	urldate      = {2023-11-02},
	howpublished = {online},
}
@misc{PEG,
	title        = {Principled Instructions Are All You Need for Questioning LLaMA-1/2, GPT-3.5/4},
	author       = {Sondos Mahmoud Bsharat and Aidar Myrzakhan and Zhiqiang Shen},
	year         = 2023,
	eprint       = {2312.16171},
	archiveprefix = {arXiv},
	primaryclass = {cs.CL}
}
@misc{paper:RAG,
	title        = {Retrieval-Augmented Generation for Large Language Models: A Survey},
	author       = {Yunfan Gao and Yun Xiong and Xinyu Gao and Kangxiang Jia and Jinliu Pan and Yuxi Bi and Yi Dai and Jiawei Sun and Qianyu Guo and Meng Wang and Haofen Wang},
	year         = 2023,
	eprint       = {2312.10997},
	archiveprefix = {arXiv},
	primaryclass = {cs.CL}
}
@online{val_ver2,
	title        = {Verification vs Validation: What's the Difference?},
	year         = 2022,
	month        = 9,
	day          = 6,
	publisher    = {Waldo},
	url          = {https://www.waldo.com/blog/verification-vs-validation},
	urldate      = {2023-11-02},
	howpublished = {online},
	howpublished = {online}
}
@online{devin,
	title        = {What is Devin? The AI software engineer everyone is talking about},
	year         = 2022,
	month        = 9,
	day          = 6,
	publisher    = {daily.dev},
	url          = {https://daily.dev/blog/what-is-devin-the-ai-software-engineer-everyone-is-talking-about},
	urldate      = {2024-04-02},
	howpublished = {online}
}
@online{XP,
	title        = {Extreme programming (XP) gets results, but is it right for you?},
	author       = {Raeburn, Alicia},
	publisher    = {Asana},
	url          = {https://asana.com/resources/extreme-programming-xp},
	urldate      = {2023-11-02},
	howpublished = {online},
	howpublished = {online}
}
@online{docker,
	title        = {Docker Docs},
	publisher    = {Docker},
	url          = {https://docs.docker.com/},
	urldate      = {2023-11-02},
	howpublished = {online},
	howpublished = {online}
}
@online{GHA,
	title        = {GitHub Actions},
	publisher    = {GitHub},
	url          = {https://docs.github.com/en/actions},
	urldate      = {2023-11-02},
	howpublished = {online},
	howpublished = {online}
}
@online{gh_agents,
	title        = {Pursuit of "wicked smartness" in VS Code},
	publisher    = {Visual Studio Code},
	url          = {https://code.visualstudio.com/blogs/2023/11/13/vscode-copilot-smarter},
	urldate      = {2023-11-02},
	howpublished = {online},
	howpublished = {online}
}
@online{repo,
	title        = {Repositories},
	publisher    = {GitHub},
	url          = {https://docs.github.com/en/repositories},
	urldate      = {2023-11-02},
	howpublished = {online},
	howpublished = {online}
}
@online{django,
	title        = {Django: The web framework for perfectionists with deadlines.},
	publisher    = {Django Software Foundation},
	url          = {https://www.djangoproject.com/},
	urldate      = {2023-11-02},
	howpublished = {online},
	howpublished = {online}
}
@online{cors,
	title        = {Reason: CORS header 'Access-Control-Allow-Origin' missing},
	publisher    = {Mozilla},
	url          = {https://developer.mozilla.org/en-US/docs/Web/HTTP/CORS/Errors/CORSMissingAllowOrigin},
	urldate      = {2023-11-02},
	howpublished = {online},
	howpublished = {online}
}
@article{risk_ana,
	title        = {Risk Analysis and Management: A Vital Key to Effective Project Management},
	author       = {Lavanya, N. and Malarvizhi, T.},
	year         = 2008,
	journal      = {PMI Global Congress Proceedings},
	url          = {https://www.pmi.org/learning/library/risk-analysis-project-management-7070},
	urldate      = {2023-11-02},
	howpublished = {online}
}
@misc{wikipedia:req_ana,
	title        = {Requirements analysis},
	year         = 2021,
	publisher    = {Wikipedia},
	url          = {https://en.wikipedia.org/w/index.php?title=Requirements_analysis\&oldid=1051921500},
	urldate      = {2023-11-02},
	howpublished = {online}
}
@misc{wikipedia:class_dia,
	title        = {Class diagram},
	year         = 2021,
	publisher    = {Wikipedia},
	url          = {https://en.wikipedia.org/wiki/Class_diagram},
	urldate      = {2023-11-02},
	howpublished = {online}
}
@misc{req_ana,
	title        = {Software Engineering Requirement Analysis - javatpoint},
	year         = 2023,
	publisher    = {Javatpoint},
	url          = {https://www.javatpoint.com/software-engineering-requirement-analysis},
	urldate      = {2023-11-03},
	howpublished = {online},
	howpublished = {online}
}
@misc{wikipedia:srs,
	title        = {Software requirements specification},
	publisher    = {Wikipedia},
	url          = {https://en.wikipedia.org/wiki/Software_requirements_specification},
	urldate      = {2023-11-03},
	howpublished = {online}
}
@misc{wikipedia:soft_design,
	title        = {Software Design},
	publisher    = {Wikipedia},
	url          = {https://en.wikipedia.org/wiki/Software_design},
	urldate      = {2023-11-03},
	howpublished = {online}
}
@misc{wikipedia:uml,
	title        = {Unified Modeling Language},
	publisher    = {Wikipedia},
	url          = {https://en.wikipedia.org/wiki/Unified_Modeling_Language},
	urldate      = {2023-11-03},
	howpublished = {online}
}
@misc{wikipedia:dry,
	title        = {Don't repeat yourself},
	publisher    = {Wikipedia},
	url          = {https://en.wikipedia.org/wiki/Don\%27t_repeat_yourself},
	urldate      = {2023-11-03},
	howpublished = {online}
}
@misc{wikipedia:kiss,
	title        = {KISS principle},
	publisher    = {Wikipedia},
	url          = {https://en.wikipedia.org/wiki/KISS_principle},
	urldate      = {2023-11-03},
	howpublished = {online}
}
@misc{codewhisperer,
	title        = {Amazon CodeWhisperer},
	publisher    = {AWS},
	url          = {https://aws.amazon.com/codewhisperer/},
	urldate      = {2023-12-03},
	howpublished = {online}
}
@misc{wikipedia:solid,
	title        = {SOLID},
	publisher    = {Wikipedia},
	url          = {https://en.wikipedia.org/wiki/SOLID},
	urldate      = {2023-11-03},
	howpublished = {online}
}
@misc{data_model,
	title        = {Data Modeling},
	author       = {IBM},
	year         = 2023,
	url          = {https://www.ibm.com/topics/data-modeling},
	urldate      = {2023-11-03},
	howpublished = {online},
	howpublished = {online}
}
@misc{prisma_cloud,
	title        = {Scanning Procedure},
	author       = {Palo Alto Networks, Inc.},
	year         = 2023,
	url          = {https://docs.prismacloud.io/en/classic/compute-admin-guide/vulnerability-management/scan-procedure},
	urldate      = {2023-11-03},
	howpublished = {online},
}
@misc{veracode,
	title        = {Veracode},
	author       = {Veracode},
	year         = 2023,
	url          = {https://www.veracode.com/},
	urldate      = {2023-11-03},
	howpublished = {online},
}
@misc{codescene,
	title        = {CodeScene},
	author       = {CodeScene},
	year         = 2023,
	url          = {https://codescene.com/},
	urldate      = {2023-11-03},
	howpublished = {online},
}
@misc{deepsource,
	title        = {Deepsource},
	author       = {Deepsource},
	year         = 2023,
	url          = {https://deepsource.com/},
	urldate      = {2023-11-03},
	howpublished = {online},
}
@misc{wikipedia:UX,
	title        = {User experience design},
	year         = 2023,
	publisher    = {Wikipedia},
	url          = {https://en.wikipedia.org/wiki/User_experience_design},
	urldate      = {2023-11-03},
	howpublished = {online}
}
@misc{wikipedia:prompt_engineering,
	title        = {Prompt engineering},
	year         = 2024,
	publisher    = {DAIR.AI},
	url          = {https://www.promptingguide.ai/},
	urldate      = {2024-02-02},
	howpublished = {online}
}
@misc{wikipedia:tech_comm,
	title        = {Technical Communication},
	year         = 2023,
	publisher    = {Wikipedia},
	url          = {https://en.wikipedia.org/wiki/Technical_communication},
	urldate      = {2023-11-02},
	howpublished = {online}
}
@misc{func_req,
	title        = {Functional vs Non Functional Requirements},
	year         = 2023,
	publisher    = {GeeksforGeeks},
	url          = {https://www.geeksforgeeks.org/functional-vs-non-functional-requirements/},
	howpublished = {online},
	howpublished = {online}
}
@misc{srs,
	title        = {Software Requirement Specification: A How-To Guide for Project Managers},
	year         = 2023,
	publisher    = {Built In},
	url          = {https://builtin.com/software-engineering-perspectives/software-requirement-specification},
	howpublished = {online}
}
@article{trans_img,
	author = {Chalvatzaki, Georgia and Younes, Ali and Nandha, Daljeet and Le, An and Ribeiro, Leonardo and Gurevych, Iryna},
	year = {2023},
	month = {08},
	pages = {},
	title = {Learning to reason over scene graphs: a case study of finetuning GPT-2 into a robot language model for grounded task planning},
	volume = {10},
	journal = {Frontiers in Robotics and AI},
	doi = {10.3389/frobt.2023.1221739}
}
@online{chatgpt_knowledge,
	title        = {KONVERZACE S AI: Omezení znalostí na určité datum},
	author       = {ChatGPT},
	year         = 2023,
	publisher    = {OpenAI},
	url          = {https://chat.openai.com/share/6d380317-5ec1-41e8-88f7-c7b65329402c},
	urldate      = {2023-11-05},
	howpublished = {online},
	howpublished = {online}
}
@online{bard_knowledge,
	title        = {KONVERZACE S AI: Omezení znalostí na určité datum},
	author       = {Google-Bard},
	year         = 2023,
	publisher    = {Google},
	publisher    = {Google},
	url          = {https://bard.google.com/chat/fbc05c3ba992c8ef?hl=cs},
	urldate      = {2023-11-05},
	howpublished = {online},
	howpublished = {online}
}
@online{chatgpt_analyza,
	title        = {KONVERZACE S AI: Anal\'{y}za},
	author       = {ChatGPT},
	year         = 2023,
	publisher    = {OpenAI},
	url          = {https://chat.openai.com/share/cf310323-e718-47c7-9846-30132db7f234},
	urldate      = {2023-11-05},
	howpublished = {online}
}
@online{chatgpt_navrh,
	title        = {KONVERZACE S AI: N\'{a}vrh},
	author       = {ChatGPT},
	year         = 2023,
	publisher    = {OpenAI},
	url          = {https://chat.openai.com/share/071ee317-5770-413d-9e04-3a6a99c2eaf6},
	urldate      = {2023-11-05},
	howpublished = {online}
}
@online{bard_navrh,
	title        = {KONVERZACE S AI: N\'{a}vrh},
	author       = {Google-Bard},
	year         = 2023,
	publisher    = {Google},
	url          = {https://github.com/ddomin212/savedPromptsDP/blob/master/bard/navrh/Gemini.html},
	urldate      = {2023-11-05},
	howpublished = {online}
}
@online{bard_analyza,
	title        = {Customer analysis},
	author       = {Google-Bard},
	year         = 2023,
	publisher    = {Google},
	url          = {https://github.com/ddomin212/savedPromptsDP/blob/master/bard/analyza/Bard.html},
	urldate      = {2023-11-05},
	howpublished = {online}
}
@online{falcon_analyza,
	title        = {KONVERZACE S AI: Anal\'{y}za},
	author       = {Falcon-180B},
	year         = 2023,
	publisher    = {HuggingChat},
	url          = {https://hf.co/chat/r/Zs9AC46},
	urldate      = {2023-11-05},
	howpublished = {online}
}
@online{falcon_navrh,
	title        = {KONVERZACE S AI: N\'{a}vrh},
	author       = {Falcon-180B},
	year         = 2023,
	publisher    = {HuggingChat},
	url          = {https://hf.co/chat/r/X-Nka7v},
	urldate      = {2023-11-05},
	howpublished = {online}
}
@online{codellama_navrh,
	title        = {KONVERZACE S AI: N\'{a}vrh},
	author       = {CodeLlama-34B},
	year         = 2023,
	publisher    = {Poe},
	url          = {https://poe.com/s/6ORrv9AmAiiP53maMyyi},
	urldate      = {2023-11-05},
	howpublished = {online}
}
@online{codellama_analyza,
	title        = {KONVERZACE S AI: Anal\'{y}za},
	author       = {CodeLlama-34B},
	year         = 2023,
	publisher    = {Poe},
	url          = {https://poe.com/s/vk38vyXBcdk04ibuMPuT},
	urldate      = {2023-11-05},
	howpublished = {online}
}
@online{claude_navrh,
	title        = {KONVERZACE S AI: N\'{a}vrh},
	author       = {Claude-instant},
	year         = 2023,
	publisher    = {Poe},
	url          = {https://poe.com/s/0TAepYQv3wntS4EZnlDP},
	urldate      = {2023-11-05},
	howpublished = {online}
}
@online{claude_analyza,
	title        = {KONVERZACE S AI: Anal\'{y}za},
	author       = {Claude-instant},
	year         = 2023,
	publisher    = {Poe},
	url          = {https://poe.com/s/KjSiZGRaqDILr6XUmXVF},
	urldate      = {2023-11-05},
	howpublished = {online}
}
@online{gitCopilot_analyza,
	title        = {KONVERZACE S AI: Anal\'{y}za},
	author       = {Github-Copilot},
	year         = 2023,
	url          = {https://github.com/ddomin212/savedPromptsDP/blob/master/gitCopilot/analyza.md},
	urldate      = {2023-11-05},
	howpublished = {online}
}

@online{gh_final_app,
	title        = {Repozitář kompletní testovací aplikace},
	author       = {Daniel Dominko},
  publisher    = {GitHub},
	year         = 2023,
	url          = {https://github.com/ddomin212/fullstack-weather/tree/main},
	urldate      = {2023-11-05},
	howpublished = {online}
}

@online{final_app,
	title        = {Hostovaná testovací aplikace},
	author       = {Daniel Dominko},
  publisher    = {Heroku},
	year         = 2023,
	url          = {https://weather-app-dp-09cbea493b09.herokuapp.com/},
	urldate      = {2023-11-05},
	howpublished = {online}
}

@online{agent_coverage,
	title        = {KONVERZACE S AI: Anal\'{y}za},
	author       = {Github-Copilot},
	year         = 2023,
	url          = {https://github.com/ddomin212/savedPromptsDP/blob/master/gitCopilot/implementace/agent/test_coverage.md},
	urldate      = {2023-11-05},
	howpublished = {online}
}
@online{agent_analyze,
	title        = {KONVERZACE S AI: Anal\'{y}za},
	author       = {Github-Copilot},
	year         = 2023,
	url          = {https://github.com/ddomin212/savedPromptsDP/blob/master/gitCopilot/implementace/agent/analyze_codebase.md},
	urldate      = {2023-11-05},
	howpublished = {online}
}
@online{agent_deploy,
	title        = {KONVERZACE S AI: Anal\'{y}za},
	author       = {Github-Copilot},
	year         = 2023,
	url          = {https://github.com/ddomin212/savedPromptsDP/blob/master/gitCopilot/implementace/agent/deployment.md},
	urldate      = {2023-11-05},
	howpublished = {online}
}
@online{agent_codebase,
	title        = {KONVERZACE S AI: Anal\'{y}za},
	author       = {Github-Copilot},
	year         = 2023,
	url          = {https://github.com/ddomin212/savedPromptsDP/blob/master/gitCopilot/implementace/agent/codebase_info.md},
	urldate      = {2023-11-05},
	howpublished = {online}
}
@online{gitCopilot_navrh,
	title        = {KONVERZACE S AI: N\'{a}vrh},
	author       = {Github-Copilot},
	year         = 2023,
	url          = {https://github.com/ddomin212/savedPromptsDP/blob/master/gitCopilot/navrh.md},
	urldate      = {2023-11-05},
	howpublished = {online}
}
@online{bingCopilot_navrh,
	title        = {KONVERZACE S AI: N\'{a}vrh},
	author       = {Bing-Copilot},
	year         = 2023,
	url          = {https://github.com/ddomin212/savedPromptsDP/blob/master/bingCopilot/navrh},
	urldate      = {2023-11-05},
	howpublished = {online}
}
@online{bingCopilot_analyza,
	title        = {KONVERZACE S AI: Anal\'{y}za},
	author       = {Bing-Copilot},
	year         = 2023,
	url          = {https://github.com/ddomin212/savedPromptsDP/blob/master/bingCopilot/analyza.txt},
	urldate      = {2023-11-05},
	howpublished = {online}
}
@online{dataclass,
	title        = {KONVERZACE S AI: Ukázka zlepšování výkonnosti třídy v Pythonu},
	author       = {Github-Copilot},
	year         = 2023,
	url          = {https://github.com/ddomin212/savedPromptsDP/blob/master/gitCopilot/implementace/backend/refactoring/open_weather_api.md},
	urldate      = {2023-11-05},
	howpublished = {online}
}
@online{algo,
	title        = {KONVERZACE S AI: Ukázka zlepšování výkonnosti kódu v Pythonu},
	author       = {Github-Copilot},
	year         = 2023,
	url          = {https://github.com/ddomin212/savedPromptsDP/blob/master/gitCopilot/implementace/backend/refactoring/meteo_parser.md},
	urldate      = {2023-11-05},
	howpublished = {online}
}
@online{msft:dependency,
	title        = {Zásady architektury},
	author       = {Microsoft},
	year         = 2023,
	url          = {https://learn.microsoft.com/cs-cz/dotnet/architecture/modern-web-apps-azure/architectural-principles},
	urldate      = {2023-11-05},
	howpublished = {online}
}
@online{copilot:code_churn,
	title        = {Research: Quantifying GitHub Copilot’s impact on code quality},
	author       = {GitHub},
  day = 10,
  month = 10,
	year         = 2023,
	url          = {https://github.blog/2023-10-10-research-quantifying-github-copilots-impact-on-code-quality/},
	urldate      = {2023-11-05},
	howpublished = {online}
}
@online{copilot:benefits,
	title        = {Coding on Copilot: 2023 Data Suggests Downward Pressure on Code Quality},
	author       = {GitClear},
	year         = 2023,
	url          = {https://www.gitclear.com/coding_on_copilot_data_shows_ais_downward_pressure_on_code_quality},
	urldate      = {2024-02-05},
	howpublished = {online}
}
@misc{jing2024fgaif,
      title={FGAIF: Aligning Large Vision-Language Models with Fine-grained AI Feedback}, 
      author={Liqiang Jing and Xinya Du},
      year={2024},
      eprint={2404.05046},
      archivePrefix={arXiv},
      primaryClass={cs.CV}
}
@online{call_api,
	title        = {KONVERZACE S AI: Ukázka zlepšování endpointu na backendu},
	author       = {Github-Copilot},
	year         = 2023,
	url          = {https://github.com/ddomin212/savedPromptsDP/blob/master/gitCopilot/implementace/backend/refactoring/weather.md},
	urldate      = {2023-11-05},
	howpublished = {online}
}
@online{enum,
	title        = {KONVERZACE S AI: Ukázka zlepšování parseru dat na backendu},
	author       = {Github-Copilot},
	year         = 2023,
	url          = {https://github.com/ddomin212/savedPromptsDP/blob/master/gitCopilot/implementace/backend/refactoring/open_meteo.md},
	urldate      = {2023-11-05},
	howpublished = {online}
}
@online{forecast,
	title        = {KONVERZACE S AI: Ukázka zlepšování implmentace na frontendu},
	author       = {Github-Copilot},
	year         = 2023,
	url          = {https://github.com/ddomin212/savedPromptsDP/blob/master/gitCopilot/implementace/frontend/refactoring/forecast.md},
	urldate      = {2023-11-05},
	howpublished = {online}
}
@online{aria,
	title        = {KONVERZACE S AI: Přístupnost na webu},
	author       = {Github-Copilot},
	year         = 2023,
	url          = {https://github.com/ddomin212/savedPromptsDP/blob/master/gitCopilot/implementace/frontend/accessibility.md},
	urldate      = {2023-11-05},
	howpublished = {online}
}
@online{TDD,
	title        = {KONVERZACE S AI: Extrémní programování},
	author       = {Github-Copilot},
	year         = 2023,
	url          = {https://github.com/ddomin212/savedPromptsDP/blob/master/gitCopilot/implementace/frontend/TDD_simple.md},
	urldate      = {2023-11-05},
	howpublished = {online}
}
@online{canvas,
	title        = {KONVERZACE S AI: Ukázka vytvořených testů pro frontend},
	author       = {Github-Copilot},
	year         = 2023,
	url          = {https://github.com/ddomin212/savedPromptsDP/blob/master/gitCopilot/implementace/frontend/tests/fe_test1.md},
	urldate      = {2023-11-05},
	howpublished = {online}
}
@online{parametrized_testing_fe,
	title        = {KONVERZACE S AI: Parametrizované testování v Jest},
	author       = {Github-Copilot},
	year         = 2023,
	url          = {https://github.com/ddomin212/savedPromptsDP/blob/master/gitCopilot/implementace/frontend/tests/quality_chain/chartUtils.md},
	urldate      = {2023-11-05},
	howpublished = {online}
}
@online{test_desc,
	title        = {KONVERZACE S AI: Ukázka doporučení opravy testů na frontendu},
	author       = {Github-Copilot},
	year         = 2023,
	url          = {https://github.com/ddomin212/savedPromptsDP/blob/master/gitCopilot/implementace/frontend/tests/quality_chain/userInput.md},
	urldate      = {2023-11-05},
	howpublished = {online}
}
@online{AAA,
	title        = {KONVERZACE S AI: Implemetace autentifikace na frontendu},
	author       = {Github-Copilot},
	year         = 2023,
	url          = {https://github.com/ddomin212/savedPromptsDP/blob/master/gitCopilot/implementace/frontend/tests/quality_chain/accountService.md},
	urldate      = {2023-11-05},
	howpublished = {online}
}
@online{parametrized_testing_be,
	title        = {KONVERZACE S AI: Parametrizované testování v Pytest},
	author       = {Github-Copilot},
	year         = 2023,
	url          = {https://github.com/ddomin212/savedPromptsDP/blob/master/gitCopilot/implementace/backend/tests/quality_chain/test_auth(parametrized_testing).md},
	urldate      = {2023-11-05},
	howpublished = {online}
}
@online{pep257_fail,
	title        = {KONVERZACE S AI: Nepovedené rozlišení standardu PEP},
	author       = {Github-Copilot},
	year         = 2023,
	url          = {https://github.com/ddomin212/savedPromptsDP/blob/master/gitCopilot/implementace/backend/tests/quality_chain/test_open_weather_parser.md},
	urldate      = {2023-11-05},
	howpublished = {online}
}
@online{firebase_auth,
	title        = {KONVERZACE S AI: Falešná implementace autentifikace ve Firebase pro Cypress},
	author       = {Github-Copilot},
	year         = 2023,
	url          = {https://github.com/ddomin212/savedPromptsDP/blob/master/gitCopilot/implementace/frontend/tests/fe_test2.md},
	urldate      = {2023-11-05},
	howpublished = {online}
}
@online{cicd,
	title        = {KONVERZACE S AI: Skripty pro nasazení do produkce},
	author       = {Github-Copilot},
	year         = 2023,
	url          = {https://github.com/ddomin212/savedPromptsDP/blob/master/gitCopilot/im,plementace/cicd/cicd1.md},
	urldate      = {2023-11-05},
	howpublished = {online}
}
@online{cicd2,
	title        = {KONVERZACE S AI: Skripty pro nasazení do produkce},
	author       = {Github-Copilot},
	year         = 2023,
	url          = {https://github.com/ddomin212/savedPromptsDP/blob/master/gitCopilot/im,plementace/cicd/cicd2.md},
	urldate      = {2023-11-05},
	howpublished = {online}
}
@online{end2end_fb,
	title        = {KONVERZACE S AI: Skripty pro end-to-end testing},
	author       = {Github-Copilot},
	year         = 2023,
	url          = {https://github.com/ddomin212/savedPromptsDP/blob/master/gitCopilot/implementace/frontend/tests/e2e1.md},
	urldate      = {2023-11-05},
	howpublished = {online}
}
@online{tailwind,
	title        = {KONVERZACE S AI: Implementace responzivního designu do Tailwind},
	author       = {Github-Copilot},
	year         = 2023,
	url          = {https://github.com/ddomin212/savedPromptsDP/blob/master/gitCopilot/implementace/frontend/tailwind.md},
	urldate      = {2023-11-05},
	howpublished = {online}
}
@online{typescript,
	title        = {KONVERZACE S AI: Nezdar s TypeScriptem},
	publisher       = {Github},
	year         = 2023,
	url          = {https://github.com/ddomin212/savedPromptsDP/blob/master/gitCopilot/implementace/agent/create_project/dummy/why_typescript.png},
	urldate      = {2023-11-05},
	howpublished = {online}
}
@online{workspace:fastAPI,
	title        = {KONVERZACE S AI: Návrh aplikace od AI},
	publisher       = {Github},
	year         = 2023,
	url          = {https://github.com/ddomin212/savedPromptsDP/blob/master/gitCopilot/implementace/agent/create_project/dummy/fast_api.png},
	urldate      = {2023-11-05},
	howpublished = {online}
}
@online{workspace:weather,
	title        = {KONVERZACE S AI: Testovací aplikace od AI},
	publisher       = {Github},
	year         = 2023,
	url          = {https://github.com/ddomin212/savedPromptsDP/blob/master/gitCopilot/implementace/agent/create_project/mock_project},
	urldate      = {2023-11-05},
	howpublished = {online}
}
@online{requests_cache,
	title        = {KONVERZACE S AI: Optimalizace načítání dat z API pro počasí v Pythonu},
	author       = {Github-Copilot},
	year         = 2023,
	url          = {https://github.com/ddomin212/savedPromptsDP/blob/master/gitCopilot/implementace/backend/requests_cache.md},
	urldate      = {2023-11-05},
	howpublished = {online}
}
@online{refactoring_simple,
	title        = {KONVERZACE S AI: Ukázka jenoduchého promptu pro refactoring},
	author       = {Github-Copilot},
	year         = 2023,
	url          = {https://github.com/ddomin212/savedPromptsDP/blob/master/gitCopilot/implementace/frontend/refactoring/parsingUtils.md},
	urldate      = {2023-11-05},
	howpublished = {online}
}
@online{middleware,
	title        = {KONVERZACE S AI: Ošetření bezpečnosti na backendu v Pythonu},
	author       = {Github-Copilot},
	year         = 2023,
	url          = {https://github.com/ddomin212/savedPromptsDP/blob/master/gitCopilot/implementace/backend/middleware.md},
	urldate      = {2023-11-05},
	howpublished = {online}
}
@online{map_reduce,
	title        = {KONVERZACE S AI: Zpracování dat za pomoci funkcionálních metod v JS},
	author       = {Github-Copilot},
	year         = 2023,
	url          = {https://github.com/ddomin212/savedPromptsDP/blob/master/gitCopilot/implementace/frontend/map_reduce.md},
	urldate      = {2023-11-05},
	howpublished = {online}
}
@online{mocking_fail,
	title        = {KONVERZACE S AI: Nepovedený mocking v testování frontendu},
	author       = {Github-Copilot},
	year         = 2023,
	url          = {https://github.com/ddomin212/savedPromptsDP/blob/master/gitCopilot/implementace/frontend/tests/mocking_fail.md},
	urldate      = {2023-11-05},
	howpublished = {online}
}
@online{rag_chart,
	title        = {KONVERZACE S AI: Nahrazení funkcionality v souboru},
	author       = {Github-Copilot},
	year         = 2024,
	url          = {https://github.com/ddomin212/savedPromptsDP/blob/master/gitCopilot/implementace/agent/chart_search.md},
	urldate      = {2024-01-05},
	howpublished = {online}
}
@online{codebase_analysis,
	title        = {KONVERZACE S AI: Analýza celého projektu ve složce},
	author       = {Github-Copilot},
	year         = 2024,
	url          = {https://github.com/ddomin212/savedPromptsDP/blob/master/gitCopilot/implementace/agent/analyze_codebase.md},
	urldate      = {2024-01-05},
	howpublished = {online}
}
@online{csrf,
	title        = {csrf.md},
	author       = {Github-Copilot},
	year         = 2023,
	url          = {https://github.com/ddomin212/savedPromptsDP/blob/master/gitCopilot/implementace/backend/csrf.md},
	urldate      = {2023-11-05},
	howpublished = {online}
}
@misc{gitCopilot,
	title        = {GitHub Copilot in VS Code},
	year         = 2023,
	publisher    = {GitHub},
	url          = {https://code.visualstudio.com/docs/editor/github-copilot\#_chat-view},
	urldate      = {2023-11-05},
	howpublished = {online},
	howpublished = {online}
}
@misc{testing,
	title        = {Automated Testing},
	year         = 2023,
	publisher    = {Microsoft},
	url          = {https://microsoft.github.io/code-with-engineering-playbook/automated-testing/},
	urldate      = {2023-11-05},
	howpublished = {online},
	howpublished = {online}
}
@misc{firebase,
	title        = {Firebase},
	year         = 2023,
	publisher    = {Google},
	url          = {https://firebase.google.com/},
	urldate      = {2023-11-05},
	howpublished = {online},
	howpublished = {online}
}
@misc{security_headers,
	title        = {HTTP Security Response Headers Cheat Sheet},
	year         = 2023,
	publisher    = {OWASP},
	url          = {https://cheatsheetseries.owasp.org/cheatsheets/HTTP_Headers_Cheat_Sheet.html},
	urldate      = {2023-11-05},
	howpublished = {online},
	howpublished = {online}
}
@misc{GCP,
	title        = {Google Cloud Platform},
	year         = 2023,
	publisher    = {Google},
	url          = {https://cloud.google.com/},
	urldate      = {2023-11-05},
	howpublished = {online},
	howpublished = {online}
}
@misc{openmeteo,
	title        = {Open-Meteo},
	year         = 2023,
	publisher    = {Open-Meteo},
	url          = {https://open-meteo.com/},
	urldate      = {2023-11-05},
	howpublished = {online},
	howpublished = {online}
}
@misc{REST_GQL,
	title        = {What's the Difference Between GraphQL and REST?},
	year         = 2023,
	publisher    = {Amazon Web Services},
	url          = {https://aws.amazon.com/compare/the-difference-between-graphql-and-rest/},
	urldate      = {2023-11-05},
	howpublished = {online},
	howpublished = {online}
}
@misc{Heroku,
	title        = {Heroku},
	year         = 2023,
	publisher    = {Salesforce},
	url          = {https://heroku.com/},
	urldate      = {2023-11-05},
	howpublished = {online},
	howpublished = {online}
}
@misc{mocking,
	title        = {Mocking in Unit Tests},
	year         = 2023,
	publisher    = {Microsoft},
	url          = {https://microsoft.github.io/code-with-engineering-playbook/automated-testing/unit-testing/mocking/},
	urldate      = {2023-11-05},
	howpublished = {online},
	howpublished = {online}
}
@misc{csrf_web,
	title        = {CSRF},
	year         = 2023,
	publisher    = {OWASP},
	url          = {https://owasp.org/www-community/attacks/csrf},
	urldate      = {2023-11-05},
	howpublished = {online},
	howpublished = {online}
}
@misc{promptsRepo,
	title        = {Uložené konverzace s AI v různých formátech},
	author       = {ddomin212},
	year         = 2023,
	url          = {https://github.com/ddomin212/savedPromptsDP},
	howpublished = {online}
}
@misc{bingCopilot,
	title        = {Bing-Copilot},
	year         = 2023,
	publisher    = {Microsoft},
	url          = {https://www.microsoft.com/en-us/bing?ep=0\&es=31\&form=MA13FV},
	urldate      = {2023-11-05},
	howpublished = {online},
	howpublished = {online}
}
@misc{internetLanguages,
	title        = {Languages most frequently used for web content as of January 2023, by share of websites},
	year         = 2023,
	publisher    = {Statistia},
	url          = {https://www.statista.com/statistics/262946/most-common-languages-on-the-internet/},
	howpublished = {online}
}
@online{chatgpt_jazyk,
	title        = {KONVERZACE S AI: Processing prompts in languages},
	author       = {ChatGPT},
	year         = 2023,
	publisher    = {OpenAI},
	url          = {https://chat.openai.com/share/3def49ee-5cc4-48c4-b2de-7b2a3c21d2a2},
	urldate      = {2023-11-05},
	urldate      = {2023-11-05},
	howpublished = {online},
}
@online{python,
	title        = {Weclome to python.org},
	publisher    = {Python},
	url          = {https://www.python.org/},
	urldate      = {2023-11-05},
	howpublished = {online}
}
@online{cypress,
	title        = {Cypress},
	publisher    = {Cypress.io},
	url          = {https://www.cypress.io/},
	urldate      = {2023-11-05},
	howpublished = {online}
}
@online{jest,
	title        = {Jest},
	publisher    = {Meta Platforms},
	url          = {https://jestjs.io/},
	urldate      = {2023-11-05},
	howpublished = {online}
}
@online{pytest,
	title        = {pytest: helps you write better programs},
	publisher    = {holger krekel and pytest-dev team},
	url          = {https://docs.pytest.org/en/7.4.x/},
	urldate      = {2023-11-05},
	howpublished = {online}
}
@online{cicd_t,
	title        = {What is CI/CD?},
	publisher    = {GitLab},
	url          = {https://about.gitlab.com/topics/ci-cd/},
	urldate      = {2023-11-05},
	howpublished = {online}
}
@online{PEP,
	title        = {PEP 8 – Style Guide for Python Code},
	publisher    = {Python Enhancement Proposals},
	url          = {https://peps.python.org/pep-0008/},
	urldate      = {2023-11-05},
	howpublished = {online}
}
@online{codecov,
	title        = {What is code coverage?},
	author       = {Sten Pittet},
	publisher    = {Atlassian},
	url          = {https://www.atlassian.com/continuous-delivery/software-testing/code-coverage},
	urldate      = {2023-11-05},
	howpublished = {online}
}
@misc{static_ana,
	title        = {Static Code Analysis},
	year         = 2023,
	publisher    = {OWASP},
	url          = {https://owasp.org/www-community/controls/Static_Code_Analysis},
	howpublished = {online}
}
@online{ES,
	title        = {ECMA-262},
	publisher    = {Ecma International},
	url          = {https://ecma-international.org/publications-and-standards/standards/ecma-262/},
	urldate      = {2023-11-05},
	howpublished = {online}
}
@online{nodejs,
	title        = {Node.js},
	publisher    = {Node.js},
	url          = {https://nodejs.org/en},
	urldate      = {2023-11-05},
	howpublished = {online}
}
@online{openweather,
	title        = {Current weather and forecast - OpenWeatherMap},
	publisher    = {OpenWeather},
	url          = {https://openweathermap.org/},
	urldate      = {2023-11-05},
	howpublished = {online}
}
@online{claude,
	title        = {What Is Claude AI and Why Should You Use It?},
	publisher    = {Make Use Of},
	url          = {https://www.makeuseof.com/what-is-claude-ai-why-use-it/},
	urldate      = {2023-11-05},
	howpublished = {online}
}
@online{falcon,
	title        = {tiiuae/falcon-180B},
	publisher    = {Huggingface},
	url          = {https://huggingface.co/tiiuae/falcon-180B},
	urldate      = {2023-11-05},
	howpublished = {online}
}
@online{falcon_knowledge,
	title        = {Knowledge cutoff},
	author       = {Falcon-180B},
	publisher    = {HuggingChat},
	url          = {https://hf.co/chat/r/YOTqjV1},
	urldate      = {2023-11-05},
	howpublished = {online}
}
@online{llm_parameters,
	title        = {How to tune LLM Parameters for optimal performance},
	author       = {Ayesha Saleem},
	year         = 2023,
	month        = 9,
	day          = 11,
	publisher    = {Data Science Dojo},
	url          = {https://datasciencedojo.com/blog/llm-parameters/\#},
	urldate      = {2023-11-05},
	howpublished = {online}
}
@misc{context_understand,
	title={Can Large Language Models Understand Context?}, 
	author={Yilun Zhu and Joel Ruben Antony Moniz and Shruti Bhargava and Jiarui Lu and Dhivya Piraviperumal and Site Li and Yuan Zhang and Hong Yu and Bo-Hsiang Tseng},
	year={2024},
	eprint={2402.00858},
	archivePrefix={arXiv},
	primaryClass={cs.CL}
}
@online{cross_entropy,
	title        = {Cross Entropy Loss: Intro, Applications, Code},
	author       = {Deval Shah},
	year         = 2023,
	month        = 1,
	day          = 26,
	publisher    = {V7 Labs},
	url          = {https://www.v7labs.com/blog/cross-entropy-loss-guide},
	urldate      = {2023-11-05},
	howpublished = {online}
}
@online{embeddings,
	title        = {Embeddings in Machine Learning: Types, Models, and Best Practices},
	publisher    = {Swimm Team},
	url          = {https://swimm.io/learn/large-language-models/embeddings-in-machine-learning-types-models-and-best-practices},
	urldate      = {2023-11-05},
	howpublished = {online}
}
@online{embeddings_img1,
	title        = {Embeddings: Meaning, Examples and How To Compute},
	publisher    = {Arize},
	url          = {https://arize.com/blog-course/embeddings-meaning-examples-and-how-to-compute/},
	year = {2023},
	urldate      = {2023-11-05},
	howpublished = {online}
}
@online{embeddings_img2,
	title        = {Learning Word Embedding},
	publisher    = {Lil'Log},
	url          = {https://lilianweng.github.io/posts/2017-10-15-word-embedding/},
	year = {2017},
	urldate      = {2023-11-05},
	howpublished = {online}
}
@online{embeddings2,
	title        = {Demystifying embeddings 101 – The foundation of large language models},
	author       = {Ruhma Khawaja},
	publisher    = {Data Science Dojo},
	url          = {https://datasciencedojo.com/blog/embeddings-and-llm/},
	urldate      = {2023-11-05},
	howpublished = {online}
}
@online{tokenization,
	title        = {What is Tokenization?},
	author       = {Abid Ali Awan},
	publisher    = {DataCamp},
	url          = {https://www.datacamp.com/blog/what-is-tokenization},
	urldate      = {2023-11-05},
	howpublished = {online}
}
@online{svd,
	title        = {Singular Value Decomposition (SVD) tutorial},
	publisher    = {MIT},
	url          = {https://web.mit.edu/be.400/www/SVD/Singular_Value_Decomposition.htm},
	urldate      = {2023-11-05},
	howpublished = {online}
}
@misc{ytb:transformers,
	title        = {Decoder-Only Transformers, ChatGPTs specific Transformer, Clearly Explained!!!},
	author       = {StatQuest},
	year         = 2023,
	month        = 8,
	day          = 28,
	journal      = {YouTube},
	url          = {https://www.youtube.com/watch?v=bQ5BoolX9Ag}
}
@misc{cursor_showcase,
	title        = {Developer Crew Talk: News \& trends for 2024},
	author       = {Applifting},
	year         = 2024,
	month        = 1,
	day          = 23,
	journal      = {YouTube},
	url          = {https://www.youtube.com/live/QQDZOxZlym4?si=XDMQkAwNPpRImw9K\&t=3151}
}
@misc{ytb:word2vec,
	title        = {8 Word embeddings with neural networks},
	author       = {Hobbesian Thinker},
	year         = 2023,
	month        = 9,
	day          = 8,
	journal      = {YouTube},
	url          = {https://www.youtube.com/watch?v=eWUJiLiJo0E}
}
@misc{ytb:embeddings,
	title        = {Word Embedding and Word2Vec, Clearly Explained!!!},
	author       = {StatQuest},
	year         = 2023,
	month        = 3,
	day          = 13,
	journal      = {YouTube},
	url          = {https://www.youtube.com/watch?v=viZrOnJclY0}
}
@book{rothman2021transformers,
	title        = {Transformers for Natural Language Processing: Build Innovative Deep Neural Network Architectures for NLP with Python, PyTorch, TensorFlow, BERT, RoBERTa, and More},
	author       = {Rothman, D.},
	year         = 2021,
	publisher    = {Packt Publishing, Limited},
	isbn         = 9781800565791,
	url          = {https://books.google.cz/books?id=Ua03zgEACAAJ}
}
@misc{paper:qlora,
	title        = {QLoRA: Efficient Finetuning of Quantized LLMs},
	author       = {Tim Dettmers and Artidoro Pagnoni and Ari Holtzman and Luke Zettlemoyer},
	year         = 2023,
	eprint       = {2305.14314},
	archiveprefix = {arXiv},
	primaryclass = {cs.LG}
}
@misc{paper:word2vec,
	title        = {Efficient Estimation of Word Representations in Vector Space},
	author       = {Tomas Mikolov and Kai Chen and Greg Corrado and Jeffrey Dean},
	year         = 2013,
	eprint       = {1301.3781},
	archiveprefix = {arXiv},
	primaryclass = {cs.CL}
}
@misc{vaswani2023attention,
	title        = {Attention Is All You Need},
	author       = {Ashish Vaswani and Noam Shazeer and Niki Parmar and Jakob Uszkoreit and Llion Jones and Aidan N. Gomez and Lukasz Kaiser and Illia Polosukhin},
	year         = 2023,
	howpublished = {online},
	eprint       = {1706.03762},
	archiveprefix = {arXiv},
	primaryclass = {cs.CL}
}
@inproceedings{paper:glove,
	title        = {Glove: Global Vectors for Word Representation},
	author       = {Pennington, Jeffrey and Socher, Richard and Manning, Christopher},
	year         = 2014,
	month        = {01},
	journal      = {EMNLP},
	volume       = 14,
	pages        = {1532--1543}
}
@misc{paper:elmo,
	title        = {Deep contextualized word representations},
	author       = {Matthew E. Peters and Mark Neumann and Mohit Iyyer and Matt Gardner and Christopher Clark and Kenton Lee and Luke Zettlemoyer},
	year         = 2018,
	eprint       = {1802.05365},
	archiveprefix = {arXiv},
	primaryclass = {cs.CL}
}
@book{SWEBook,
	title        = {Guide to the Software Engineering Body of Knowledge (SWEBOK(r)): Version 3.0},
	author       = {Pierre Bourque, Richard E. Fairley},
	year         = 2014,
	publisher    = {IEEE Computer Society Press},
	isbn         = {0769551661; 9780769551661},
	url          = {http://www.swebok.org/},
	edition      = {3rd}
}
@book{booch2004object,
	title        = {Object-Oriented Analysis and Design with Applications},
	author       = {Booch, Grady and Maksimchuk, Robert and Engle, Michael and Conallen, Jim and Houston, Kelli and Young, Bobbi},
	year         = 2004,
	publisher    = {Addison Wesley},
	address      = {MA, US},
	isbn         = {0-201-89551-X},
	edition      = 3
}
@book{davis1995201,
	title        = {201 Principles of Software Development},
	author       = {Davis, A.M.},
	year         = 1995,
	publisher    = {McGraw-Hill},
	isbn         = 9780070158405,
	url          = {https://books.google.cz/books?id=8HAhAQAAIAAJ},
	lccn         = {lc94047075}
}
@inproceedings{knuth1989notes,
	title        = {Notes on the Errors of TEX},
	author       = {Knuth, Donald E.},
	year         = 1989,
	booktitle    = {TUGboat, Volume 10 (1989), No. 4- 1989 Conference Proceedings},
	pages        = {530–531}
}
@misc{gfg:coh_coup,
	title        = {Software Engineering Differences between Coupling and Cohesion},
	publisher    = {GeeksforGeeks},
	url          = {https://www.geeksforgeeks.org/understanding-of-lstm-networks/},
	urldate      = {2023-11-05},
	howpublished = {online}
}
@misc{gfg:LRU,
	title        = {LRU Cache Implementation},
	publisher    = {GeeksforGeeks},
	url          = {https://www.geeksforgeeks.org/lru-cache-implementation/},
	urldate      = {2023-11-05},
	howpublished = {online}
}
@online{general,
	title        = {What is a neural network?},
	author       = {},
	year         = 2023,
	publisher    = {IBM},
	url          = {https://www.ibm.com/topics/neural-networks},
	howpublished = {online}
}
@article{neuron,
	title        = {Neuron},
	author       = {McCulloch, Warren S and Pitts, Walter},
	year         = 1943,
	journal      = {The bulletin of mathematical biophysics},
	publisher    = {Springer},
	volume       = 5,
	number       = 4,
	pages        = {115--133}
}
@online{rubiks_code,
	title        = {How do Artificial Neural Networks learn?},
	year         = 2018,
	publisher    = {Rubik's Code},
	url          = {https://rubikscode.net/2018/01/15/how-artificial-neural-networks-learn/},
	urldate      = {2023-12-13},
	howpublished = {online}
}
@article{RMSE,
	title        = {Root-mean-square error (RMSE) or mean absolute error (MAE)?–Arguments against avoiding RMSE in the literature},
	author       = {Willmott, Cort J and Matsuura, Kenji},
	year         = 2003,
	journal      = {Geophysical research letters},
	publisher    = {Wiley Online Library},
	volume       = 30,
	number       = 20
}
@misc{gradient_descent,
	title={An overview of gradient descent optimization algorithms}, 
	author={Sebastian Ruder},
	year={2017},
	eprint={1609.04747},
	archivePrefix={arXiv},
	primaryClass={cs.LG}
}
@misc{brilliant,
	title        = {Backpropagation},
	author       = {Brilliant Math and Science Wiki},
	year         = 2023,
	url          = {{https://brilliant.org/wiki/backpropagation/}},
	urldate      = {2023-12-13},
	howpublished = {online},
	howpublished = {online}
}
@misc{overfitting_wiki,
	title        = {Overfitting},
	author       = {Wikipedia},
	year         = 2023,
	url          = {{https://en.wikipedia.org/wiki/Overfitting}},
	urldate      = {2023-12-13},
	howpublished = {online},
	howpublished = {online}
}
@misc{wiki:chainrule,
	title        = {Chain rule},
	author       = {Wikipedia},
	year         = 2022,
	url          = {https://en.wikipedia.org/w/index.php?title=Chain_rule\&oldid=1100191289},
	urldate      = {2023-12-13},
	howpublished = {online}
}
@misc{overfitting_ml,
	title        = {How to Avoid Overfitting in Deep Learning Neural Networks},
	author       = {Jason Brownlee},
	year         = 2023,
	publisher    = {Machine Learning Mastery},
	url          = {{https://machinelearningmastery.com/introduction-to-regularization-to-reduce-overfitting-and-improve-generalization-error/}},
	urldate      = {2023-12-13},
	howpublished = {online},
	howpublished = {online}
}
@misc{deepai_act,
	title        = {Activation Function Definition},
	author       = {Thomas Wood},
	year         = 2022,
	publisher    = {DeepAI},
	url          = {https://deepai.org/machine-learning-glossary-and-terms/activation-function},
	urldate      = {2023-12-13},
	howpublished = {online},
	howpublished = {online}
}
@misc{neuralnetwork101_act,
	title        = {Activation Function Neural Network 101},
	year         = 2023,
	publisher    = {Neural Network 101},
	url          = {https://neuralnetwork101.com/activation-function},
	urldate      = {2023-12-13},
	howpublished = {online},
	howpublished = {online}
}
@misc{nielsen2015neural,
	title        = {Neural Networks and Deep Learning},
	author       = {Nielsen, Michael},
	year         = 2015,
	publisher    = {Determination Press},
	url          = {{http://neurauthoralnetworksanddeeplearning.com/chap2.html}},
	urldate      = {2023-12-13},
	howpublished = {online}
}
@misc{profoundqa,
	title        = {Why is the Chain Rule Necessary for Backpropagation?},
	year         = 2022,
	publisher    = {Profound QA},
	url          = {{https://profoundqa.com/why-is-the-chain-rule-necessary-for-backpropagation/}},
	urldate      = {2023-12-13},
	howpublished = {online}
}
@misc{neuralnetwork101,
	title        = {Structure},
	year         = 2023,
	publisher    = {Neural Network 101},
	url          = {{https://neuralnetwork101.com/structure}},
	urldate      = {2023-12-13},
	howpublished = {online}
}
@misc{projectpro,
	title        = {What are Types of Layer Neural Networks?},
	year         = 2023,
	publisher    = {ProjectPro.io},
	url          = {{https://www.projectpro.io/recipes/what-are-types-of-layer-neural-networks}},
	urldate      = {2023-12-13},
	howpublished = {online}
}
@misc{databasecamp,
	title        = {Dropout Layer (en)},
	year         = 2023,
	publisher    = {DatabaseCamp.de},
	url          = {{https://databasecamp.de/en/ml/dropout-layer-en}},
	urldate      = {2023-12-13},
	howpublished = {online}
}
@misc{builtin,
	title        = {Common Loss Functions},
	year         = 2023,
	publisher    = {BuiltIn},
	url          = {{https://builtin.com/machine-learning/common-loss-functions}},
	urldate      = {2023-12-13},
	howpublished = {online}
}
@misc{tds_train,
	title        = {How Do We Train Neural Networks?},
	year         = 2023,
	publisher    = {Towards Data Science},
	url          = {{https://towardsdatascience.com/how-do-we-train-neural-networks-edd985562b73}},
	urldate      = {2023-12-13},
	howpublished = {online}
}
@misc{wiki:transfer,
	title        = {Transfer learning},
	year         = 2023,
	publisher    = {{Wikipedia contributors}},
	url          = {{https://en.wikipedia.org/wiki/Transfer_learning}},
	urldate      = {2023-12-13}
}
@misc{builtin:transfer,
	title        = {Transfer Learning},
	year         = 2023,
	publisher    = {BuiltIn},
	url          = {{https://builtin.com/data-science/transfer-learning}},
	urldate      = {2023-12-13}
}
@misc{weight_decay,
	title        = {Weight Decay in Neural Networks},
	year         = 2021,
	publisher    = {Programmathically},
	url          = {{https://programmathically.com/weight-decay-in-neural-networks/}},
	urldate      = {2023-12-13},
	howpublished = {online}
}
@misc{adam,
	title        = {PyTorch AdamW and Adam with Weight Decay Optimizers},
	year         = 2023,
	publisher    = {AndroidKt},
	url          = {{https://androidkt.com/pytorch-adamw-and-adam-with-weight-decay-optimizers/}},
	urldate      = {2023-12-13},
	howpublished = {online}
}
@misc{exploding_grad,
	title        = {Understanding the Exploding and Vanishing Gradients Problem},
	year         = 2023,
	publisher    = {Programmathically},
	url          = {{https://programmathically.com/understanding-the-exploding-and-vanishing-gradients-problem}},
	urldate      = {2023-12-13},
	howpublished = {online}
}
@article{dzone,
	title        = {The Artificial Neural Networks Handbook - Part 4},
	year         = 2023,
	journal      = {DZone},
	publisher    = {DZone},
	url          = {{https://dzone.com/articles/the-artificial-neural-networks-handbook-part-4}},
	urldate      = {2023-12-13}
}
@misc{act_func,
	title        = {How to Choose an Activation Function for Deep Learning},
	author       = {Jason Brownlee},
	year         = 2023,
	publisher    = {Machine Learning Mastery},
	url          = {{https://machinelearningmastery.com/choose-an-activation-function-for-deep-learning/}},
	urldate      = {2023-12-13},
	howpublished = {online}
}
@misc{mnist,
	title        = {Training a Neural Network: Start Here},
	author       = {Lavanya Shukla},
	year         = 2019,
	month        = {08},
	url          = {{https://lavanya.ai/2019/08/10/training-a-neural-network-start-here/}},
	urldate      = {2023-12-13},
	howpublished = {online}
}
@misc{mnist,
	title        = {Training a Neural Network: Start Here},
	author       = {Lavanya Shukla},
	year         = 2019,
	month        = {08},
	url          = {{https://lavanya.ai/2019/08/10/training-a-neural-network-start-here/}},
	urldate      = {2023-12-13},
	howpublished = {online}
}
@misc{chinchilla,
      title={Training Compute-Optimal Large Language Models}, 
      author={Jordan Hoffmann and Sebastian Borgeaud and Arthur Mensch and Elena Buchatskaya and Trevor Cai and Eliza Rutherford and Diego de Las Casas and Lisa Anne Hendricks and Johannes Welbl and Aidan Clark and Tom Hennigan and Eric Noland and Katie Millican and George van den Driessche and Bogdan Damoc and Aurelia Guy and Simon Osindero and Karen Simonyan and Erich Elsen and Jack W. Rae and Oriol Vinyals and Laurent Sifre},
      year={2022},
      eprint={2203.15556},
      archivePrefix={arXiv},
      primaryClass={cs.CL}
}
@misc{losses,
	title        = {Adaptive Huber Regression},
	author       = {Eran Raviv},
	year         = 2023,
	url          = {{https://eranraviv.com/adaptive-huber-regression/}},
	urldate      = {2023-12-13},
	howpublished = {online}
}
@misc{coursera:genAI,
	title        = {Generative AI with Large Language Models},
	author       = {Antje Barth},
	year         = 2023,
	url          = {{https://www.coursera.org/learn/generative-ai-with-llms}},
	urldate      = {2023-12-13},
	howpublished = {online}
}
@misc{hgf:finetune,
	title        = {Training -- transformers documentation},
	year         = 2023,
	publisher    = {Hugging Face},
	url          = {{https://huggingface.co/docs/transformers/training}},
	urldate      = {2023-12-13}
}
@article{dying_relu,
	title        = {Dying ReLU and Initialization: Theory and Numerical Examples},
	author       = {Xiang Ming and Qinghua Hu},
	year         = 2019,
	eprint       = {arXiv:1903.06733},
	archiveprefix = {arXiv},
	primaryclass = {cs.LG}
}
@misc{relu,
	title        = {A Practical Guide to ReLU},
	author       = {Danqing Liu},
	year         = 2023,
	url          = {{https://medium.com/\@danqing/a-practical-guide-to-relu-b83ca804f1f7}},
	urldate      = {2023-12-13},
	howpublished = {online}
}
@misc{docker-docs,
	title        = {Get Started, Part 1: Orientation and setup},
	year         = 2023,
	publisher    = {Docker},
	url          = {{https://docs.docker.com/get-started/overview/}},
	urldate      = {2023-12-13},
	howpublished = {online}
}
@misc{ibm:containers,
	title        = {Containers vs. VMs: What's the Difference?},
	year         = 2023,
	publisher    = {IBM Cloud Blog},
	url          = {{https://www.ibm.com/cloud/blog/containers-vs-vms}},
	urldate      = {2023-12-13},
	howpublished = {online}
}
,
	howpublished = {online},
@misc{wikipedia-wsl,
	title        = {{Windows Subsystem for Linux}},
	year         = 2023,
	publisher    = {Wikipedia},
	url          = {{https://en.wikipedia.org/wiki/Windows_Subsystem_for_Linux}},
	urldate      = {2023-12-13},
	howpublished = {online}
}
